<?xml version="1.0" encoding="UTF-8"?><collection xmlns="http://www.loc.gov/MARC21/slim"><record><leader>00644nam--2200217-u-4500</leader><controlfield tag="001">000050293</controlfield><controlfield tag="002">20161230</controlfield><controlfield tag="003">81761</controlfield><controlfield tag="005">20161230201048</controlfield><controlfield tag="008">060222s1000------------r-----000-0-eng-d</controlfield><datafield ind1=" " ind2=" " tag="020"><subfield code="a">0465067867</subfield></datafield><datafield ind1=" " ind2=" " tag="040"><subfield code="a">IFIN-HH</subfield></datafield><datafield ind1="1" ind2=" " tag="100"><subfield code="a">Lindley, David</subfield></datafield><datafield ind1="1" ind2="0" tag="245"><subfield code="a">Where Does the Weirdness Go?</subfield><subfield code="b">Why Quantum Mechanics is Strange, But Not as Strange as You Think</subfield><subfield code="c">David Lindley</subfield></datafield><datafield ind1=" " ind2=" " tag="260"><subfield code="a">New York</subfield><subfield code="b">BasicBooks</subfield><subfield code="c">1996</subfield></datafield><datafield ind1=" " ind2=" " tag="300"><subfield code="a">xiv, 251 p</subfield></datafield><datafield ind1="0" ind2="0" tag="504"><subfield code="a">Contine Referinte bibliografice si Index</subfield></datafield><datafield ind1=" " ind2=" " tag="650"><subfield code="a">Quantum field theory</subfield></datafield><datafield ind1="0" ind2="0" tag="650"><subfield code="a">Physics</subfield><subfield code="x">Philosophy</subfield></datafield><datafield ind1=" " ind2=" " tag="852"><subfield code="a">81461</subfield><subfield code="c">530.14</subfield></datafield><datafield ind1=" " ind2=" " tag="CAT"><subfield code="a">Sys</subfield><subfield code="c">20120928</subfield><subfield code="h">102801</subfield></datafield></record></collection>